@misc{glisc,
	author={{Grey Literature International Steering Committee}},
	title={{GLISC}},
	month={oct},
	year={2014},
	note = "[Online; acedido em Outubro 2014]"
}

@misc{https://cangurunews.com.br/criancas-e-mesada/,
	author={{Amanda Nunes Moraes}},
	title={{Responsabilidade e autonomia: a importância da mesada para a educação financeira das crianças}},
	month={{Agosto}},
	year={{2021}},
	note="[Site Informativo]
}

@misc{https://www.segs.com.br/seguros/107964-educacao-financeira-nas-escolas-pesquisa-comprova-eficacia,
	author={{Paulo Fabrício Ucelli}},
	title={{Educação financeira nas escolas: pesquisa comprova eficácia}},
	month={{Março}},
	year={{2018}},
	note="[Site Informativo]
}

@misc{https://blogs.worldbank.org/education/why-education-matters-economic-development,
	author={{Harry A. Patrinos}},
	title={{Why education matters for economic development}},
	month={{Maio}},
	year={{2016}},
	note="[Site Informativo]
}

@misc{https://www.nucleodoconhecimento.com.br/administracao/formacao-dos-alunos,
	author={{Geicyanne de Almeida Reis Mendes}},
	title={{Why education matters for economic development}},
	month={{Novembro}},
	year={{2022}},
	note="[Site Informativ
